@book{1_apontamentos_SCT,
    author  = "Fernando Nunes",
    title   = "Apontamentos de Sistemas de Controlo de Tr√°fego",
    year    = "2018",
}

@book{book:2262514,
   title =     {Understanding GPS/GNSS. Principles and Applications},
   author =    {Elliott D. Kaplan,  Christopher J. Hegarty (eds.)},
   publisher = {Artech},
   isbn =      {978-1-63081-058-0},
   year =      {2018},
   series =    {},
   edition =   {3rd},
   volume =    {},
   %url =       {http://gen.lib.rus.ec/book/index.php?md5=ab957d93888752f1235b9478b9b3d035}
}

@inproceedings{proceedings_kalman,
	author		= "Mark Wickert, Chiranth Siddappa",
	title		= "Exploring the Extended Kalman Filter for GPS Positioning Using Simulated User and Satellite Track Data",
	booktitle	= "Proceedings of the 17th Python in Science Conference",
	%editor		= "",
	%volume		= "",
	%number		= "",
	%series		= "",
	%pages		= "",
	%address	= "",
	organization	= "SCIPY",
	%publisher	= "",
	year		= "2018",
	%month		= "",
	%note		= "",
}
@inproceedings{He-2010,
doi	= {10.1109/isspit.2010.5711784},
title	= { [IEEE 2010 IEEE International Symposium on Signal Processing and Information Technology (ISSPIT) - Luxor, Egypt (2010.12.15-2010.12.18)] The 10th IEEE International Symposium on Signal Processing and Information Technology - Approximate iterative Least Squares algorithms for GPS positioning},
author	= {He, Yuheng; Martin, Rainer; Bilgic, Attila Michael},
isbn	= {978-1-4244-9992-2},
year	= {2010},
page	= {231--236},
url =       {http://gen.lib.rus.ec/scimag/index.php?s=10.1109/isspit.2010.5711784},
}